\begin{thebibliography}{99}
    \bibitem[1]{Sato1} M.Sato, Y.Mukouchi, D.Zheng, Characteristic Sets for Unions of Regular Pattern Languages and Compactness, in Proc. ALT '98, Springer LNAI 1501, pp.220-233, 1998. 
    \bibitem[2]{Mukouchi1991} Y. Mukouchi, Characterization of Pattern Languages, in Proc. ALT '91, Ohmusha, pp.93-104, 1991.
    \bibitem[3]{Wright} K.Wright, Identification of Unions of Languages Drawn from an Identifiable Class, in Proc. COLT '89, Morgan Kaufmann, pp.328-333, 1989.
%    \bibitem[5]{Sato2} M.Sato, Inductive Inference of Formal Languages, Bulletin of Informatics and Cybernetics 27(1), Research Association of Statistical Sciences, pp.85-106, 1995.
%    \bibitem[6]{Motoki1} T.Motoki, T.Sinohara, K.Wright, The Correct Definition of Finite Elasticity:Corrigendum to Identification of Unions, in Proc. COLT '91, pp.93-104, 1991. 
    \bibitem[4]{Arimura1994} H. Arimura, T. Shinohara, S. Otsuki, Finding Minimal Generalizations for Unions of Pattern Languages and Its Application to Inductive Inference from Positive Data, in Proc. STACS '94, Springer LNCS 775, pp.649-660, 1994.
     \bibitem[5]{Suzuki2006}  Y. Suzuki, T. Shoudai, T. Uchida and T. Miyahara,	Ordered Term Tree Languages Which are Polynomial Time Inductively Inferable from Positive Data, Theoretical Computer Science, 350(1):63-90, 2006.
   \bibitem[6]{Uchida1994} T. Uchida, T. Shoudai, S. Miyano, Parallel Algorithms for Refutation Tree Problem on Formal Graph Systems,  IEICE Trans. Inf. \& Syst., E78-D(2):99-112, 1995.     
\end{thebibliography}
