\begin{thebibliography}{99}
\bibitem{Angluin1980a} Angluin,D., Finding Patterns Common to a Set of Strings, Journal of Computer and System Sciences, 21(1):46–62, 1980.
\bibitem{Angluin1980b} Angluin,D., Inductive Inference of Formal Languages from Positive Data, Information and Control, 45(2):117–135, 1980.
%\bibitem{Shinohara1982} Shinohara,T., Polynomial time inference of pattern languages and related problems, Theoretical Computer Science, 20(1): 63–82, 1982.
\bibitem{Wright1989} Wright,K., Identification of Unions of Languages Drawn from an Identifiable Class, in Proc. COLT 1989, pp.328-333, 1989.
\bibitem{Sato1} Sato,D., Mukouchi,Y., and Zheng,D., Characteristic Sets for Unions of Regular Pattern Languages and Compactness, in Proc. ALT '98, Springer LNAI 1501, pp.220-233, 1998. 
\bibitem{Mukouchi1992} Mukouchi,Y., Containment Problems for Pattern Languages, IEICE Transactions on Information and Systems, E75-D(4):420-425, 1992.
\bibitem{Shinohara2000} Shinohara,T. and Arimura,H., Inductive inference of unbounded unions of pattern languages from positive data, Theoretical Computer Science, 241(1-2): 135–161, 2000.
\bibitem{Day2017} Day,J.D., Reidenbach,D., and Schmid,M.L., Closure Properties of Pattern Languages, Journal of Computer and System Sciences 84:11-31, 2017.
\bibitem{Matsumoto2020} Matsumoto,S., Uchida,T., Shoudai,T., Suzuki,Y., and Miyahara,T., An Efficient Learning Algorithm for Regular Pattern Languages Using One Positive Example and a Linear Number of Membership Queries, IEICE Transactions on Information and Systems, E103-D(3):526-539, 2020.
    %\bibitem[1]{Sato1} M.Sato, Y.Mukouchi, D.Zheng, Characteristic Sets for Unions of Regular Pattern Languages and Compactness, in Proc. ALT '98, Springer LNAI 1501, pp.220-233, 1998. 
%    \bibitem[2]{Mukouchi1991} Y. Mukouchi, Characterization of Pattern Languages, in Proc. ALT '91, Ohmusha, pp.93-104, 1991.
    \bibitem{Mukouchi1991} Mukouchi,Y., Characterization of Pattern Languages, in Proc. ALT '91, Ohmusha, pp.93-104, 1991.
 %   \bibitem[3]{Wright} K.Wright, Identification of Unions of Languages Drawn from an Identifiable Class, in Proc. COLT '89, Morgan Kaufmann, pp.328-333, 1989.
%    \bibitem[5]{Sato2} M.Sato, Inductive Inference of Formal Languages, Bulletin of Informatics and Cybernetics 27(1), Research Association of Statistical Sciences, pp.85-106, 1995.
%    \bibitem[6]{Motoki1} T.Motoki, T.Sinohara, K.Wright, The Correct Definition of Finite Elasticity:Corrigendum to Identification of Unions, in Proc. COLT '91, pp.93-104, 1991. 
%   \bibitem{Arimura1994} Arimura,H.,  Shinohara,T., and Otsuki,S., Finding Minimal Generalizations for Unions of Pattern Languages and Its Application to Inductive Inference from Positive Data, in Proc. STACS '94, Springer LNCS 775, pp.649-660, 1994.
%     \bibitem[5]{Suzuki2006}  Y. Suzuki, T. Shoudai, T. Uchida and T. Miyahara,	Ordered Term Tree Languages Which are Polynomial Time Inductively Inferable from Positive Data, Theoretical Computer Science, 350(1):63-90, 2006.
%   \bibitem[6]{Uchida1994} T. Uchida, T. Shoudai, S. Miyano, Parallel Algorithms for Refutation Tree Problem on Formal Graph Systems,  IEICE Trans. Inf. \& Syst., E78-D(2):99-112, 1995.     
     \bibitem{Suzuki2006}  Suzuki,Y., Shoudai,T.,  Uchida,T., and Miyahara,T., Ordered Term Tree Languages Which are Polynomial Time Inductively Inferable from Positive Data, Theoretical Computer Science, 350(1):63-90, 2006.
   \bibitem{Uchida1994} Uchida,T., Shoudai,T., and Miyano,S., Parallel Algorithms for Refutation Tree Problem on Formal Graph Systems,  IEICE Trans. Inf. \& Syst., E78-D(2):99-112, 1995.     
\end{thebibliography}
